@book{ Skvortsov,
       author = "Скворцов A.В.",
       title = "Триангуляция Делоне и ее применение",
       publisher = "Издательство Томского университета",
       year = "2002",
       address = "Москва",
       language = "russian"
}

@inproceedings{ MestOverlap,
    author = "Местецкий Л.М.{,} Царик Е.В.",
    title = "Слияние нераздленных триангуляций Делоне",
    booktitle = "Cложные системы: обработка информации, моделирование и оптимизация",
    year = "2004",
    series = "Вып. 2",
    pages = "216--231",
    publisher = "Тверской гос.университет",
    address = "Тверь",
    language = "russian"
}

@book{ Preparata,
       author = "Препарата Ф.{,} Шеймос М.",
       title = "Вычислительная геометрия: введение",
       publisher = "Издательство Мир",
       year = "1989",
       address = "Москва",
       language = "russian"
}