@inproceedings{ Chazelle,
    author = "Chazelle B.",
    title = "An optimal algorithm for intersecting three-dimensional convex polyhedrons",
    booktitle = "SIAM J.Comput",
    year = "1992",
    series = "vol.21",
    pages = "671â€“696",
}
@inproceedings{ Dyshkant,
    author = "Dyshkant N.",
    title = "Comparison of Point Clouds Acquired by 3D scanner",
    booktitle = "Lecture Notes in Computer Science: Discrete Geometry for Computer Imagery",
    year = "2013",
    series = "vol.7749",
    pages = "47-58",
}

@inproceedings{ Kirkpatrick,
    author = "Kirpatrick D.G.",
    title = "Efficient computation of continuous skeletons",
    booktitle = "Proceedings of the 20th Annual IEEE Symposium on FOCS",
    year = "1979",
    pages = "18-27",
}

@inproceedings{ Lee,
    author = "Lee D.T. and Schachter B.J.",
    title = "Two algorithms for constructing a Delaunay triangulation",
    booktitle = "International Journal of Computer and Information Science",
    year = "1980",
    series = "vol. 9, no.3",
    pages = "219--242",
}

@inproceedings{ Shamos,
    author = "Shamos M.I. and Hoey D.",
    title = "Closest-point Problems",
    booktitle = "Proceedings of the 16th Annual IEEE Symposium on FOCS",
    year = "1975",
    pages = "151-162",
}