@inproceedings{ Chazelle,
    author = "Chazelle B.",
    title = "An optimal algorithm for intersecting three-dimensional convex polyhedrons",
    booktitle = "SIAM J.Comput",
    year = "1992",
    series = "vol.21",
    pages = "671–696",
}
@inproceedings{ Dyshkant,
    author = "Dyshkant N.",
    title = "Comparison of Point Clouds Acquired by 3D scanner",
    booktitle = "Lecture Notes in Computer Science: Discrete Geometry for Computer Imagery",
    year = "2013",
    series = "vol.7749",
    pages = "47-58",
}

@inproceedings{ Kirkpatrick,
    author = "Kirpatrick D.G.",
    title = "Efficient computation of continuous skeletons",
    booktitle = "Proceedings of the 20th Annual IEEE Symposium on FOCS",
    year = "1979",
    pages = "18-27",
}

@inproceedings{ Lee,
    author = "Lee D.T. and Schachter B.J.",
    title = "Two algorithms for constructing a Delaunay triangulation",
    booktitle = "International Journal of Computer and Information Science",
    year = "1980",
    series = "vol. 9, no.3",
    pages = "219--242",
}

@inproceedings{ Shamos,
    author = "Shamos M.I. and Hoey D.",
    title = "Closest-point Problems",
    booktitle = "Proceedings of the 16th Annual IEEE Symposium on FOCS",
    year = "1975",
    pages = "151-162",
}

@book{ Skvortsov,
    author = "Скворцов A.В.",
    title = "Триангуляция Делоне и ее применение",
    publisher = "Издательство Томского университета",
    year = "2002",
    address = "Москва",
    language = "russian"
}

@book{Preparata,
    author = {Preparata, Franco P. and Shamos, Michael I.},
    title = {Computational Geometry:  An Introduction},
    publisher = {Springer-Verlag New York, Inc.},
    year = {1985},
    isbn = {0-387-96131-3},
    address = {New York, NY, USA},
} 

@inproceedings{ MestOverlap,
    author = "Местецкий Л.М. and Царик Е.В.",
    title = "Слияние нераздeленных триангуляций Делоне",
    booktitle = "Cложные системы: обработка информации, моделирование и оптимизация",
    year = "2004",
    series = "Вып. 2",
    pages = "216--231",
    publisher = "Тверской гос.университет",
    address = "Тверь",
    language = "russian"
}